@misc{aws_virtualization,
  author = {{Amazon Web Services}},
  title = {Điện toán ảo hóa là gì?},
  year = {–},
  note = {truy cập năm 2025},
  url = {https://aws.amazon.com/vi/what-is/virtualization/}
}

@misc{aws_cloud_computing,
  author = {{Amazon Web Services}},
  title = {Điện toán đám mây là gì?},
  year = {–},
  note = {truy cập năm 2025},
  url = {https://aws.amazon.com/vi/what-is/cloud-computing/}
}

@misc{aws_compute,
  author = {{Amazon Web Services}},
  title = {Điện toán là gì? - Giải thích về Điện toán đám mây cho doanh nghiệp},
  year = {–},
  note = {truy cập năm 2025},
  url = {https://aws.amazon.com/vi/what-is/compute/}
}

@misc{aws_cloud_infrastructure,
  author = {{Amazon Web Services}},
  title = {Cơ sở hạ tầng đám mây là gì?},
  year = {–},
  note = {truy cập năm 2025},
  url = {https://aws.amazon.com/vi/what-is/cloud-infrastructure/}
}

@misc{aws_cloud_instances,
  author = {{Amazon Web Services}},
  title = {Phiên bản trong Điện toán đám mây là gì?},
  year = {–},
  note = {truy cập năm 2025},
  url = {https://aws.amazon.com/vi/what-is/cloud-instances/}
}

@misc{aws_mobile_cloud_computing,
  author = {{Amazon Web Services}},
  title = {Điện toán đám mây di động là gì?},
  year = {–},
  note = {truy cập năm 2025},
  url = {https://aws.amazon.com/vi/what-is/mobile-cloud-computing/}
}

@misc{aws_cloud_file_storage,
  author = {{Amazon Web Services}},
  title = {Lưu trữ tệp trên đám mây là gì?},
  year = {–},
  note = {truy cập năm 2025},
  url = {https://aws.amazon.com/vi/what-is/cloud-file-storage/}
}

@misc{aws_public_vs_private_cloud,
  author = {{Amazon Web Services}},
  title = {Điểm khác biệt giữa Đám mây công khai và Đám mây riêng là gì?},
  year = {–},
  note = {truy cập năm 2025},
  url = {https://aws.amazon.com/vi/compare/the-difference-between-public-cloud-and-private-cloud/}
}

@misc{gimasys_oci_benefits,
  author = {{Gimasys}},
  title = {Những lợi ích đột phá mà Cơ sở hạ tầng Đám mây Oracle mang lại cho doanh nghiệp},
  year = {–},
  note = {truy cập năm 2025},
  url = {https://gimasys.com/nhung-loi-ich-dot-pha-ma-co-so-ha-tang-dam-may-oracle-mang-lai-cho-doanh-nghiep/#Co_so_du_lieu_tu_dong_cua_Oracle_OAD}
}

@misc{hostvn_cloud_computing,
  author = {{HOSTVN Blog}},
  title = {Cloud Computing là gì? Những khái niệm tổng quan về Cloud Computing},
  year = {–},
  note = {truy cập năm 2025},
  url = {https://blog.hostvn.net/chia-se/cloud-computing-la-gi.html}
}

@misc{spca_vm_virtualbox,
  author = {{SP Cloud Academy}},
  title = {Oracle VM VirtualBox},
  year = {–},
  note = {truy cập năm 2025},
  url = {https://spca.education/oracle-vm-virtualbox/}
}

@misc{vngcloud_iaas_paas_saas,
  author = {{VNG Cloud Blog}},
  title = {IaaS, PaaS và SaaS: Tổng quan về các mô hình dịch vụ điện toán đám mây},
  year = {2024},
  note = {ngày đăng: 22 Tháng 3 2024},
  url = {https://vngcloud.vn/vi/blog/iaas-paas-saas-tong-quan-ve-cac-mo-hinh-dich-vu-dien-toan-dam-may.}
}

@misc{medium_exploring_oci_language_service,
  author = {{Medium - Data Science Collective}},
  title = {Exploring the OCI Language Service},
  year = {2025},
  note = {truy cập năm 2025},
  url = {https://medium.com/data-science-collective/exploring-the-oci-language-service-a2b4c4a5f6c0}
}
